@incollection{MohriNederhof,
	Author = {M. Mohri and M.J. Nederhof},
	BookTitle = {Robustness in Language and Speech Technology},
	Numpages = {11},
	Chapter = {9},
	Publisher = {Kluwer Acadeic Publishers},
	Pages = {251-261},
	Title = {Regular Approximation of Context-Free Grammars through Transformation},
	Year = {2000}
	}

@inproceedings{Chomsky1959,
	Author = {N. Chomsky},
	BookTitle = {Information and Control 2},
	Numpages = {31},
	Pages = {137-167},
	Year = {1959}
	}

@article{Kosaraju,
	Author = {M. Sharir},
	Title = {A strong-connectivity algorithm and its applications in data flow analysis},
	Journal = {Computers and Mathematics with Applications},
	Pages = {67-72},
	Year = {1981},
	Volume = {7(1)}
	}

@misc{website:TextmateSyntax,
      author = "TextMate",
      title = "Language Grammars",
      url = "https://manual.macromates.com/en/language_grammars"
	}

@misc{website:SublimeSyntax,
      author = "Sublime HQ Pty Ltd",
      title = "Documentation: Syntax Definitions",
      url = "https://www.sublimetext.com/docs/3/syntax.html"
	}

@misc{website:Rascal,
      author = "CWI",
      year = {2014},
      title = "Rascal's website",
      url = "https://www.rascal-mpl.org/"
	}

@misc{website:RascalSyntax,
      author = "CWI",
      title = "Rascal tutor documentation",
      url = "http://tutor.rascal-mpl.org/Rascal/Declarations/SyntaxDefinition/SyntaxDefinition.html"
	}

@misc{website:RascalGrammarExample,
      author = "CWI",
      title = "Rascal Syntax definition",
      url = "http://tutor.rascal-mpl.org/Rascal/Rascal.html#/Rascal/Declarations/SyntaxDefinition/SyntaxDefinition.html"
	}

@inproceedings{evans1997approximating,
  title={Approximating context-free grammars with a finite-state calculus},
  author={Evans, Edmund Grimley},
  booktitle={Proceedings of the 35th Annual Meeting of the Association for Computational Linguistics and Eighth Conference of the European Chapter of the Association for Computational Linguistics},
  pages={452--459},
  year={1997},
  organization={Association for Computational Linguistics}
}

@inproceedings{pereira1991finite,
  title={Finite-state approximation of phrase structure grammars},
  author={Pereira, Fernando CN and Wright, Rebecca N},
  booktitle={Proceedings of the 29th annual meeting on Association for Computational Linguistics},
  pages={246--255},
  year={1991},
  organization={Association for Computational Linguistics}
}
